<?xml version="1.0" encoding="UTF-8"?><collection xmlns="http://www.loc.gov/MARC21/slim"><record><leader>00402nam--2200133-i-4500</leader><controlfield tag="001">000044503</controlfield><controlfield tag="002">20161230</controlfield><controlfield tag="005">20161230201044</controlfield><controlfield tag="008">060222s1000------------r-----000-0-eng-d</controlfield><datafield ind1=" " ind2=" " tag="080"><subfield code="a">681.5(043)</subfield></datafield><datafield ind1=" " ind2=" " tag="100"><subfield code="a">Puvogel, C</subfield></datafield><datafield ind1=" " ind2=" " tag="245"><subfield code="a">Schrittoptimale und adaptive regelung von systemen mit verteilten parametern in diskreter zustandsdarstellung. dissert</subfield></datafield><datafield ind1=" " ind2=" " tag="260"><subfield code="a">Bremen, Univ., 1987, 112p</subfield></datafield><datafield ind1=" " ind2=" " tag="852"><subfield code="a">74323</subfield></datafield></record></collection>